@book{key,
  title={Algebra},
  author={Hungerford, T.W.},
  isbn={9780387905181},
  lccn={96214823},
  series={Graduate Texts in Mathematics},
    year={2003},
  publisher={Springer New York}
}

@book{key,
  title={Galois Theory},
  author={Artin, E. and Milgram, A.N.},
  isbn={9780486623429},
  lccn={97051372},
  series={Dover books on mathematics},
  url={https://books.google.ca/books?id=kVuYGdGizHEC},
  year={1998},
  publisher={Dover Publications}
}
